<?xml version="1.0" encoding="utf-8"?>
<record xmlns="http://www.loc.gov/MARC21/slim" xmlns:xsi="http://www.w3.org/2001/XMLSchema-instance" xsi:schemaLocation="http://www.loc.gov/MARC21/slim http://www.loc.gov/standards/marcxml/schema/MARC21slim.xsd">
	<leader>     nam a22        4500</leader>
	<controlfield tag="001">b12373357</controlfield>
	<controlfield tag="003">LeBAU</controlfield>
	<controlfield tag="006">m        d        </controlfield>
	<controlfield tag="007">cr cn |||m|||a</controlfield>
	<controlfield tag="008">170120s1901    ua      o     ||0 0 ara d</controlfield>
	<datafield ind1=" " ind2=" " tag="040">
		<subfield code="a">NNU</subfield>
		<subfield code="b">ara</subfield>
		<subfield code="e">rda</subfield>
		<subfield code="c">NNU</subfield>
	</datafield>
	<datafield ind1=" " ind2="4" tag="050">
		<subfield code="a">DS36.855</subfield>
		<subfield code="b">B37 1901</subfield>
	</datafield>
	<datafield ind1="0" ind2="4" tag="082">
		<subfield code="a">297.3</subfield>
		<subfield code="2">22</subfield>
	</datafield>
	<datafield ind1="1" ind2=" " tag="100">
		<subfield code="6">880-01</subfield>
		<subfield code="a">Baṭalyawsī, ʻAbd Allāh ibn Muḥammad,</subfield>
		<subfield code="d">1052 or 1053-1127,</subfield>
		<subfield code="e">author.</subfield>
	</datafield>
	<datafield ind1="1" ind2="3" tag="245">
		<subfield code="6">880-02</subfield>
		<subfield code="a">al-Inṣāf fī al-tanbīh ʻalá al-asbāb allatī awjabat al-ikhtilāf bayna al-muslimīn fī arāʼihim /</subfield>
		<subfield code="c">taṣnīf al-imām al-ajall wa-al-‘allāmah al-akmal Abī Muḥammad ibn al-Sayyid al-Baṭalyawsī al-Andalusī al-mutawaffá sanat 521 Hijrīyah ;  iʻtaná bi-taṣḥīḥihi wa-sharḥ abyātihi wa-ḍabṭ kalimātihi al-lughawīyah Aḥmad ʻUmar al-Maḥmaṣānī al-Azharī.</subfield>
	</datafield>
	<datafield ind1=" " ind2="1" tag="264">
		<subfield code="6">880-03</subfield>
		<subfield code="a">Miṣr :</subfield>
		<subfield code="b">Maṭbaʻat al-Mawsūʻāt,</subfield>
		<subfield code="c">1319 H., [1901? M.]</subfield>
	</datafield>
	<datafield ind1=" " ind2=" " tag="300">
		<subfield code="6">880-04</subfield>
		<subfield code="a">online resource (136 pages)</subfield>
	</datafield>
	<datafield ind1=" " ind2=" " tag="336">
		<subfield code="a">text</subfield>
		<subfield code="2">rdacontent</subfield>
	</datafield>
	<datafield ind1=" " ind2=" " tag="337">
		<subfield code="a">computer</subfield>
		<subfield code="2">rdamedia</subfield>
	</datafield>
	<datafield ind1=" " ind2=" " tag="338">
		<subfield code="a">online resource</subfield>
		<subfield code="2">rdacarrier</subfield>
	</datafield>
	<datafield ind1=" " ind2=" " tag="500">
		<subfield code="a">Part of the Arabic Collections Online (ACO) project, contributed by American University of Beirut's Jafet Memorial Library.</subfield>
	</datafield>
	<datafield ind1=" " ind2=" " tag="533">
		<subfield code="a">Electronic reproduction.</subfield>
		<subfield code="b">New York, N.Y. :</subfield>
		<subfield code="c">New York University,</subfield>
		<subfield code="d">2017.</subfield>
		<subfield code="5">NNU</subfield>
	</datafield>
	<datafield ind1=" " ind2="0" tag="650">
		<subfield code="6">880-05</subfield>
		<subfield code="a">Islamic philosophy</subfield>
		<subfield code="v">Early works to 1800.</subfield>
	</datafield>
	<datafield ind1=" " ind2="0" tag="650">
		<subfield code="6">880-06</subfield>
		<subfield code="a">Islam</subfield>
		<subfield code="x">Doctrines.</subfield>
	</datafield>
	<datafield ind1="1" ind2=" " tag="700">
		<subfield code="6">880-07</subfield>
		<subfield code="a">Maḥmaṣānī, Aḥmad ʻUmar,</subfield>
		<subfield code="e">compiler.</subfield>
	</datafield>
	<datafield ind1="2" ind2=" " tag="710">
		<subfield code="a">Jafet Memorial Library.</subfield>
	</datafield>
	<datafield ind1="0" ind2=" " tag="730">
		<subfield code="a">Arabic Collections Online.</subfield>
	</datafield>
	<datafield ind1="0" ind2="8" tag="776">
		<subfield code="i">Print version:</subfield>
		<subfield code="a">Baṭalyawsī, ʻAbd Allāh ibn Muḥammad, 1052 or 1053-1127, author.</subfield>
		<subfield code="t">al-Inṣāf fī al-tanbīh ʻalá al-asbāb allatī awjabat al-ikhtilāf bayna al-muslimīn fī arāʼihim</subfield>
		<subfield code="w">(LeBAU)b12373357</subfield>
	</datafield>
	<datafield ind1="4" ind2="0" tag="856">
		<subfield code="u">http://hdl.handle.net/2333.1/0rxwdh02</subfield>
	</datafield>
	<datafield ind1="1" ind2=" " tag="880">
		<subfield code="6">100-01/r</subfield>
		<subfield code="a">بطليوسي، عبد الله بن محمد،</subfield>
		<subfield code="d">1052 or 1053-1127,</subfield>
		<subfield code="e">author.</subfield>
	</datafield>
	<datafield ind1="1" ind2="2" tag="880">
		<subfield code="6">245-02/r</subfield>
		<subfield code="a">الإنصاف في التنبيه على الأسباب التي أوجبت الإختلاف بين المسلمين في آرائهم /</subfield>
		<subfield code="c">تصنيف الإمام الأجل والعلامة الأكمل أبي محمد إبن السيد البطليوسي الأندلسي المتوفى سنة 521 هجرية ؛ إعتنى بتصحيحه وشرح أبياته وضبط كلماته اللغوية أحمد عمر المحمصاني الأزهري.</subfield>
	</datafield>
	<datafield ind1=" " ind2="1" tag="880">
		<subfield code="6">264-03/r</subfield>
		<subfield code="a">مصر :</subfield>
		<subfield code="b">مطبعة الموسوعات،</subfield>
		<subfield code="c">1319هـ.، [1901؟ م.]</subfield>
	</datafield>
	<datafield ind1=" " ind2=" " tag="880">
		<subfield code="6">300-04/r</subfield>
		<subfield code="a">136 صفحة ؛</subfield>
		<subfield code="c">24 سم</subfield>
	</datafield>
	<datafield ind1=" " ind2="4" tag="880">
		<subfield code="6">650-05/r</subfield>
		<subfield code="a">الفلسفة الاسلامية</subfield>
		<subfield code="v">اعمال قديمة حتى 1800.</subfield>
	</datafield>
	<datafield ind1=" " ind2="4" tag="880">
		<subfield code="6">650-06/r</subfield>
		<subfield code="a">الاسلام</subfield>
		<subfield code="x">عقائد.</subfield>
	</datafield>
	<datafield ind1="1" ind2=" " tag="880">
		<subfield code="6">700-07/r</subfield>
		<subfield code="a">محمصاني، احمد عمر،</subfield>
		<subfield code="e">compiler.</subfield>
	</datafield>
	<datafield ind1=" " ind2=" " tag="959">
		<subfield code="a">NNU</subfield>
		<subfield code="b">WEB</subfield>
		<subfield code="c">GENI</subfield>
		<subfield code="t">0</subfield>
		<subfield code="m">Electronic access</subfield>
		<subfield code="s">01</subfield>
	</datafield>
	<datafield ind1=" " ind2=" " tag="999">
		<subfield code="i">LeBAU_b12373357</subfield>
		<subfield code="s">aub_aco000372</subfield>
		<subfield code="e">(ERROR-MISC)</subfield>
		<subfield code="s">aub_aco000372</subfield>
	</datafield>
</record>
